@PREAMBLE{
 "\providecommand{\noopsort}[1]{}" 
 # "\providecommand{\singleletter}[1]{#1}%" 
}

@BOOK{Siv,
   author       = {Д. В. Сивухин},
   year         = 2005,
   title        = {Общий курс физики. IV. Оптика},
   pages        = "205, 212, 242"
}
